<?xml version="1.0" encoding="UTF-8" standalone="no"?><Document xmlns="urn:iso:std:iso:20022:tech:xsd:pain.001.001.03" xmlns:xsi="http://www.w3.org/2001/XMLSchema-instance"><CstmrCdtTrfInitn><GrpHdr><MsgId>TR00000065</MsgId><CreDtTm>2016-05-25T12:55:58</CreDtTm><NbOfTxs>2</NbOfTxs><CtrlSum>4150</CtrlSum><InitgPty><Nm>JLA Asociados, Correduría de Seguros S.A.</Nm><Id><OrgId><Othr><Id>A79261020002</Id></Othr></OrgId></Id></InitgPty></GrpHdr><PmtInf><PmtInfId>LOTE-TR00000065</PmtInfId><PmtMtd>TRF</PmtMtd><BtchBookg>false</BtchBookg><NbOfTxs>2</NbOfTxs><CtrlSum>4150</CtrlSum><PmtTpInf><InstrPrty>HIGH</InstrPrty><SvcLvl><Cd>SEPA</Cd></SvcLvl><LclInstrm><Cd>TRF</Cd></LclInstrm><CtgyPurp><Cd>SUPP</Cd></CtgyPurp></PmtTpInf><ReqdExctnDt>2016-05-25</ReqdExctnDt><Dbtr><Nm>JLA Asociados, Correduría de Seguros S.A.</Nm><PstlAdr><Ctry>ES</Ctry><AdrLine>CALLE SAGASTA 32 PISO 5 DCHA</AdrLine><AdrLine>28004 MADRID</AdrLine></PstlAdr><Id><OrgId><Othr><Id>A79261020002</Id></Othr></OrgId></Id></Dbtr><DbtrAcct><Id><IBAN>ES0400750322880000000000</IBAN></Id><Ccy>EUR</Ccy></DbtrAcct><DbtrAgt><FinInstnId><BIC>POPUESMMXXX</BIC></FinInstnId></DbtrAgt><UltmtDbtr><Nm>JLA Asociados, Correduría de Seguros S.A.</Nm></UltmtDbtr><CdtTrfTxInf><PmtId><InstrId>INSTRID-02-01</InstrId><EndToEndId>ENDTOEND-02</EndToEndId></PmtId><PmtTpInf><SvcLvl><Cd>SEPA</Cd></SvcLvl></PmtTpInf><Amt><InstdAmt Ccy="EUR">1650</InstdAmt></Amt><CdtrAgt><FinInstnId><PstlAdr><Ctry>ES</Ctry></PstlAdr></FinInstnId></CdtrAgt><Cdtr><Nm>WR BERKLEY EUROPE AG SUCURSAL EN ESPANA</Nm><PstlAdr><Ctry>ES</Ctry><AdrLine>.</AdrLine><AdrLine>.</AdrLine></PstlAdr></Cdtr><CdtrAcct><Id><IBAN>ES3400491500022900000000</IBAN></Id></CdtrAcct><Purp><Cd>OTHR</Cd></Purp><RmtInf><Ustrd>LIQUIDACION 05/16</Ustrd></RmtInf></CdtTrfTxInf><CdtTrfTxInf><PmtId><InstrId>INSTRID-02-01</InstrId><EndToEndId>ENDTOEND-02</EndToEndId></PmtId><PmtTpInf><SvcLvl><Cd>SEPA</Cd></SvcLvl></PmtTpInf><Amt><InstdAmt Ccy="EUR">2500</InstdAmt></Amt><CdtrAgt><FinInstnId><PstlAdr><Ctry>ES</Ctry></PstlAdr></FinInstnId></CdtrAgt><Cdtr><Nm>MAPFRE</Nm><PstlAdr><Ctry>ES</Ctry><AdrLine>.</AdrLine><AdrLine>.</AdrLine></PstlAdr></Cdtr><CdtrAcct><Id><IBAN>ES3400491500022900000222</IBAN></Id></CdtrAcct><Purp><Cd>OTHR</Cd></Purp><RmtInf><Ustrd>LIQUIDACION 05/16</Ustrd></RmtInf></CdtTrfTxInf></PmtInf></CstmrCdtTrfInitn></Document>