<?xml version="1.0" encoding="UTF-8"?>
<Document xmlns="urn:iso:std:iso:20022:tech:xsd:pain.001.001.03" xmlns:xsi="http://www.w3.org/2001/XMLSchema-instance">
    <CstmrCdtTrfInitn>
        <GrpHdr>
            <MsgId>TR00000065</MsgId>
            <CreDtTm>2016-05-25T12:55:58</CreDtTm>
            <NbOfTxs>21</NbOfTxs>
            <CtrlSum>156965.10</CtrlSum>
            <InitgPty>
                <Nm>JLA ASOCIADOS</Nm>
                <Id>
                    <OrgId>
                        <Othr>
                            <Id>A79261020002</Id>
                        </Othr>
                    </OrgId>
                </Id>
            </InitgPty>
        </GrpHdr>
        <PmtInf>
            <PmtInfId>LOTE-00000065</PmtInfId>
            <PmtMtd>TRF</PmtMtd>
            <BtchBookg>false</BtchBookg>
            <NbOfTxs>21</NbOfTxs>
            <CtrlSum>156965.10</CtrlSum>
            <PmtTpInf>
                <InstrPrty>HIGH</InstrPrty>
                <SvcLvl>
                    <Cd>SEPA</Cd>
                </SvcLvl>
                <LclInstrm>
                    <Cd>TRF</Cd>
                </LclInstrm>
                <CtgyPurp>
                    <Cd>SUPP</Cd>
                </CtgyPurp>
            </PmtTpInf>
            <ReqdExctnDt>2016-05-25</ReqdExctnDt>
            <Dbtr>
                <Nm>JLA ASOCIADOS CORREDURIA DE SEGUROS</Nm>
                <PstlAdr>
                    <Ctry>ES</Ctry>
                    <AdrLine>SAGASTA, 32, 5º DERECHA</AdrLine>
                    <AdrLine>28004 MADRID</AdrLine>
                </PstlAdr>
                <Id>
                    <OrgId>
                        <Othr>
                            <Id>A79261020002</Id>
                        </Othr>
                    </OrgId>
                </Id>
            </Dbtr>
            <DbtrAcct>
                <Id>
                    <IBAN>ES0400750322880600466676</IBAN>
                </Id>
                <Ccy>EUR</Ccy>
            </DbtrAcct>
            <DbtrAgt>
                <FinInstnId>
                    <BIC>POPUESMMXXX</BIC>
                </FinInstnId>
            </DbtrAgt>
            <UltmtDbtr>
                <Nm>JLA ASOCIADOS CORREDURIA DE SEGUROS</Nm>
            </UltmtDbtr>

            <CdtTrfTxInf>
                <PmtId>
                    <InstrId>INSTRID-02-01</InstrId>
                    <EndToEndId>ENDTOEND-02</EndToEndId>
                </PmtId>
                <PmtTpInf>
                    <SvcLvl>
                        <Cd>SEPA</Cd>
                    </SvcLvl>
                </PmtTpInf>
                <Amt>
                    <InstdAmt Ccy="EUR">312.15</InstdAmt>
                </Amt>
                <CdtrAgt>
                    <FinInstnId>
                        <PstlAdr>
                            <Ctry>ES</Ctry>
                        </PstlAdr>
                    </FinInstnId>
                </CdtrAgt>
                <Cdtr>
                    <Nm>CATALANA OCCIDENTE MNA</Nm>
                    <PstlAdr>
                        <Ctry>ES</Ctry>
                        <AdrLine>.</AdrLine>
                        <AdrLine>.</AdrLine>
                    </PstlAdr>
                </Cdtr>
                <CdtrAcct>
                    <Id>
                        <IBAN>ES6701825906810000560777</IBAN>
                    </Id>
                </CdtrAcct>
                <Purp>
                    <Cd>OTHR</Cd>
                </Purp>
                <RmtInf>
                    <Ustrd>LIQUIDACION 05/16</Ustrd>
                </RmtInf>
            </CdtTrfTxInf>
            <CdtTrfTxInf>
                <PmtId>
                    <InstrId>INSTRID-02-01</InstrId>
                    <EndToEndId>ENDTOEND-02</EndToEndId>
                </PmtId>
                <PmtTpInf>
                    <SvcLvl>
                        <Cd>SEPA</Cd>
                    </SvcLvl>
                </PmtTpInf>
                <Amt>
                    <InstdAmt Ccy="EUR">265.33</InstdAmt>
                </Amt>
                <CdtrAgt>
                    <FinInstnId>
                        <PstlAdr>
                            <Ctry>ES</Ctry>
                        </PstlAdr>
                    </FinInstnId>
                </CdtrAgt>
                <Cdtr>
                    <Nm>AMAYA</Nm>
                    <PstlAdr>
                        <Ctry>ES</Ctry>
                        <AdrLine>.</AdrLine>
                        <AdrLine>.</AdrLine>
                    </PstlAdr>
                </Cdtr>
                <CdtrAcct>
                    <Id>
                        <IBAN>ES7300751586930606736768</IBAN>
                    </Id>
                </CdtrAcct>
                <Purp>
                    <Cd>OTHR</Cd>
                </Purp>
                <RmtInf>
                    <Ustrd>LIQUIDACION 05/16</Ustrd>
                </RmtInf>
            </CdtTrfTxInf>
            <CdtTrfTxInf>
                <PmtId>
                    <InstrId>INSTRID-02-01</InstrId>
                    <EndToEndId>ENDTOEND-02</EndToEndId>
                </PmtId>
                <PmtTpInf>
                    <SvcLvl>
                        <Cd>SEPA</Cd>
                    </SvcLvl>
                </PmtTpInf>
                <Amt>
                    <InstdAmt Ccy="EUR">122.61</InstdAmt>
                </Amt>
                <CdtrAgt>
                    <FinInstnId>
                        <PstlAdr>
                            <Ctry>ES</Ctry>
                        </PstlAdr>
                    </FinInstnId>
                </CdtrAgt>
                <Cdtr>
                    <Nm>ARAG, S.E.</Nm>
                    <PstlAdr>
                        <Ctry>ES</Ctry>
                        <AdrLine>.</AdrLine>
                        <AdrLine>.</AdrLine>
                    </PstlAdr>
                </Cdtr>
                <CdtrAcct>
                    <Id>
                        <IBAN>ES2800815172840001011209</IBAN>
                    </Id>
                </CdtrAcct>
                <Purp>
                    <Cd>OTHR</Cd>
                </Purp>
                <RmtInf>
                    <Ustrd>LIQUIDACION 05/16</Ustrd>
                </RmtInf>
            </CdtTrfTxInf>
            <CdtTrfTxInf>
                <PmtId>
                    <InstrId>INSTRID-02-01</InstrId>
                    <EndToEndId>ENDTOEND-02</EndToEndId>
                </PmtId>
                <PmtTpInf>
                    <SvcLvl>
                        <Cd>SEPA</Cd>
                    </SvcLvl>
                </PmtTpInf>
                <Amt>
                    <InstdAmt Ccy="EUR">838.10</InstdAmt>
                </Amt>
                <CdtrAgt>
                    <FinInstnId>
                        <PstlAdr>
                            <Ctry>ES</Ctry>
                        </PstlAdr>
                    </FinInstnId>
                </CdtrAgt>
                <Cdtr>
                    <Nm>AXA</Nm>
                    <PstlAdr>
                        <Ctry>ES</Ctry>
                        <AdrLine>.</AdrLine>
                        <AdrLine>.</AdrLine>
                    </PstlAdr>
                </Cdtr>
                <CdtrAcct>
                    <Id>
                        <IBAN>ES3400491811312910334400</IBAN>
                    </Id>
                </CdtrAcct>
                <Purp>
                    <Cd>OTHR</Cd>
                </Purp>
                <RmtInf>
                    <Ustrd>LIQUIDACION 05/16</Ustrd>
                </RmtInf>
            </CdtTrfTxInf>
            <CdtTrfTxInf>
                <PmtId>
                    <InstrId>INSTRID-02-01</InstrId>
                    <EndToEndId>ENDTOEND-02</EndToEndId>
                </PmtId>
                <PmtTpInf>
                    <SvcLvl>
                        <Cd>SEPA</Cd>
                    </SvcLvl>
                </PmtTpInf>
                <Amt>
                    <InstdAmt Ccy="EUR">2162.41</InstdAmt>
                </Amt>
                <CdtrAgt>
                    <FinInstnId>
                        <PstlAdr>
                            <Ctry>ES</Ctry>
                        </PstlAdr>
                    </FinInstnId>
                </CdtrAgt>
                <Cdtr>
                    <Nm>CATALANA OCCIDENTE</Nm>
                    <PstlAdr>
                        <Ctry>ES</Ctry>
                        <AdrLine>.</AdrLine>
                        <AdrLine>.</AdrLine>
                    </PstlAdr>
                </Cdtr>
                <CdtrAcct>
                    <Id>
                        <IBAN>ES6701825906810000560777</IBAN>
                    </Id>
                </CdtrAcct>
                <Purp>
                    <Cd>OTHR</Cd>
                </Purp>
                <RmtInf>
                    <Ustrd>LIQUIDACION 05/16</Ustrd>
                </RmtInf>
            </CdtTrfTxInf>
            <CdtTrfTxInf>
                <PmtId>
                    <InstrId>INSTRID-02-01</InstrId>
                    <EndToEndId>ENDTOEND-02</EndToEndId>
                </PmtId>
                <PmtTpInf>
                    <SvcLvl>
                        <Cd>SEPA</Cd>
                    </SvcLvl>
                </PmtTpInf>
                <Amt>
                    <InstdAmt Ccy="EUR">20652.74</InstdAmt>
                </Amt>
                <CdtrAgt>
                    <FinInstnId>
                        <PstlAdr>
                            <Ctry>ES</Ctry>
                        </PstlAdr>
                    </FinInstnId>
                </CdtrAgt>
                <Cdtr>
                    <Nm>GENERALI</Nm>
                    <PstlAdr>
                        <Ctry>ES</Ctry>
                        <AdrLine>.</AdrLine>
                        <AdrLine>.</AdrLine>
                    </PstlAdr>
                </Cdtr>
                <CdtrAcct>
                    <Id>
                        <IBAN>ES3400491500022919223961</IBAN>
                    </Id>
                </CdtrAcct>
                <Purp>
                    <Cd>OTHR</Cd>
                </Purp>
                <RmtInf>
                    <Ustrd>LIQUIDACION 05/16</Ustrd>
                </RmtInf>
            </CdtTrfTxInf>
            <CdtTrfTxInf>
                <PmtId>
                    <InstrId>INSTRID-02-01</InstrId>
                    <EndToEndId>ENDTOEND-02</EndToEndId>
                </PmtId>
                <PmtTpInf>
                    <SvcLvl>
                        <Cd>SEPA</Cd>
                    </SvcLvl>
                </PmtTpInf>
                <Amt>
                    <InstdAmt Ccy="EUR">222.89</InstdAmt>
                </Amt>
                <CdtrAgt>
                    <FinInstnId>
                        <PstlAdr>
                            <Ctry>ES</Ctry>
                        </PstlAdr>
                    </FinInstnId>
                </CdtrAgt>
                <Cdtr>
                    <Nm>HCC EUROPE</Nm>
                    <PstlAdr>
                        <Ctry>ES</Ctry>
                        <AdrLine>.</AdrLine>
                        <AdrLine>.</AdrLine>
                    </PstlAdr>
                </Cdtr>
                <CdtrAcct>
                    <Id>
                        <IBAN>ES5600308301700000057271</IBAN>
                    </Id>
                </CdtrAcct>
                <Purp>
                    <Cd>OTHR</Cd>
                </Purp>
                <RmtInf>
                    <Ustrd>LIQUIDACION 05/16</Ustrd>
                </RmtInf>
            </CdtTrfTxInf>
            <CdtTrfTxInf>
                <PmtId>
                    <InstrId>INSTRID-02-01</InstrId>
                    <EndToEndId>ENDTOEND-02</EndToEndId>
                </PmtId>
                <PmtTpInf>
                    <SvcLvl>
                        <Cd>SEPA</Cd>
                    </SvcLvl>
                </PmtTpInf>
                <Amt>
                    <InstdAmt Ccy="EUR">4180.50</InstdAmt>
                </Amt>
                <CdtrAgt>
                    <FinInstnId>
                        <PstlAdr>
                            <Ctry>ES</Ctry>
                        </PstlAdr>
                    </FinInstnId>
                </CdtrAgt>
                <Cdtr>
                    <Nm>FIATC</Nm>
                    <PstlAdr>
                        <Ctry>ES</Ctry>
                        <AdrLine>.</AdrLine>
                        <AdrLine>.</AdrLine>
                    </PstlAdr>
                </Cdtr>
                <CdtrAcct>
                    <Id>
                        <IBAN>ES8600302438340000842271</IBAN>
                    </Id>
                </CdtrAcct>
                <Purp>
                    <Cd>OTHR</Cd>
                </Purp>
                <RmtInf>
                    <Ustrd>LIQUIDACION 05/16</Ustrd>
                </RmtInf>
            </CdtTrfTxInf>
            <CdtTrfTxInf>
                <PmtId>
                    <InstrId>INSTRID-02-01</InstrId>
                    <EndToEndId>ENDTOEND-02</EndToEndId>
                </PmtId>
                <PmtTpInf>
                    <SvcLvl>
                        <Cd>SEPA</Cd>
                    </SvcLvl>
                </PmtTpInf>
                <Amt>
                    <InstdAmt Ccy="EUR">10107.21</InstdAmt>
                </Amt>
                <CdtrAgt>
                    <FinInstnId>
                        <PstlAdr>
                            <Ctry>ES</Ctry>
                        </PstlAdr>
                    </FinInstnId>
                </CdtrAgt>
                <Cdtr>
                    <Nm>HELVETIA</Nm>
                    <PstlAdr>
                        <Ctry>ES</Ctry>
                        <AdrLine>.</AdrLine>
                        <AdrLine>.</AdrLine>
                    </PstlAdr>
                </Cdtr>
                <CdtrAcct>
                    <Id>
                        <IBAN>ES2000308301720000140271</IBAN>
                    </Id>
                </CdtrAcct>
                <Purp>
                    <Cd>OTHR</Cd>
                </Purp>
                <RmtInf>
                    <Ustrd>LIQUIDACION 05/16</Ustrd>
                </RmtInf>
            </CdtTrfTxInf>
            <CdtTrfTxInf>
                <PmtId>
                    <InstrId>INSTRID-02-01</InstrId>
                    <EndToEndId>ENDTOEND-02</EndToEndId>
                </PmtId>
                <PmtTpInf>
                    <SvcLvl>
                        <Cd>SEPA</Cd>
                    </SvcLvl>
                </PmtTpInf>
                <Amt>
                    <InstdAmt Ccy="EUR">23736.18</InstdAmt>
                </Amt>
                <CdtrAgt>
                    <FinInstnId>
                        <PstlAdr>
                            <Ctry>ES</Ctry>
                        </PstlAdr>
                    </FinInstnId>
                </CdtrAgt>
                <Cdtr>
                    <Nm>REALE SEGUROS GENERALES S.A.</Nm>
                    <PstlAdr>
                        <Ctry>ES</Ctry>
                        <AdrLine>.</AdrLine>
                        <AdrLine>.</AdrLine>
                    </PstlAdr>
                </Cdtr>
                <CdtrAcct>
                    <Id>
                        <IBAN>ES0801823999340018156740</IBAN>
                    </Id>
                </CdtrAcct>
                <Purp>
                    <Cd>OTHR</Cd>
                </Purp>
                <RmtInf>
                    <Ustrd>LIQUIDACION 05/16</Ustrd>
                </RmtInf>
            </CdtTrfTxInf>
            <CdtTrfTxInf>
                <PmtId>
                    <InstrId>INSTRID-02-01</InstrId>
                    <EndToEndId>ENDTOEND-02</EndToEndId>
                </PmtId>
                <PmtTpInf>
                    <SvcLvl>
                        <Cd>SEPA</Cd>
                    </SvcLvl>
                </PmtTpInf>
                <Amt>
                    <InstdAmt Ccy="EUR">342.62</InstdAmt>
                </Amt>
                <CdtrAgt>
                    <FinInstnId>
                        <PstlAdr>
                            <Ctry>ES</Ctry>
                        </PstlAdr>
                    </FinInstnId>
                </CdtrAgt>
                <Cdtr>
                    <Nm>ASEFA</Nm>
                    <PstlAdr>
                        <Ctry>ES</Ctry>
                        <AdrLine>.</AdrLine>
                        <AdrLine>.</AdrLine>
                    </PstlAdr>
                </Cdtr>
                <CdtrAcct>
                    <Id>
                        <IBAN>ES8401980601652002277826</IBAN>
                    </Id>
                </CdtrAcct>
                <Purp>
                    <Cd>OTHR</Cd>
                </Purp>
                <RmtInf>
                    <Ustrd>LIQUIDACION 05/16</Ustrd>
                </RmtInf>
            </CdtTrfTxInf>
            <CdtTrfTxInf>
                <PmtId>
                    <InstrId>INSTRID-02-01</InstrId>
                    <EndToEndId>ENDTOEND-02</EndToEndId>
                </PmtId>
                <PmtTpInf>
                    <SvcLvl>
                        <Cd>SEPA</Cd>
                    </SvcLvl>
                </PmtTpInf>
                <Amt>
                    <InstdAmt Ccy="EUR">24366.11</InstdAmt>
                </Amt>
                <CdtrAgt>
                    <FinInstnId>
                        <PstlAdr>
                            <Ctry>ES</Ctry>
                        </PstlAdr>
                    </FinInstnId>
                </CdtrAgt>
                <Cdtr>
                    <Nm>ALLIANZ COMPAÑÍA DE SEGUROS Y REASEG. S.A.</Nm>
                    <PstlAdr>
                        <Ctry>ES</Ctry>
                        <AdrLine>.</AdrLine>
                        <AdrLine>.</AdrLine>
                    </PstlAdr>
                </Cdtr>
                <CdtrAcct>
                    <Id>
                        <IBAN>ES4300751321540190020293</IBAN>
                    </Id>
                </CdtrAcct>
                <Purp>
                    <Cd>OTHR</Cd>
                </Purp>
                <RmtInf>
                    <Ustrd>LIQUIDACION 05/16</Ustrd>
                </RmtInf>
            </CdtTrfTxInf>
            <CdtTrfTxInf>
                <PmtId>
                    <InstrId>INSTRID-02-01</InstrId>
                    <EndToEndId>ENDTOEND-02</EndToEndId>
                </PmtId>
                <PmtTpInf>
                    <SvcLvl>
                        <Cd>SEPA</Cd>
                    </SvcLvl>
                </PmtTpInf>
                <Amt>
                    <InstdAmt Ccy="EUR">9936.95</InstdAmt>
                </Amt>
                <CdtrAgt>
                    <FinInstnId>
                        <PstlAdr>
                            <Ctry>ES</Ctry>
                        </PstlAdr>
                    </FinInstnId>
                </CdtrAgt>
                <Cdtr>
                    <Nm>CASER GRUPO ASEGURADOR</Nm>
                    <PstlAdr>
                        <Ctry>ES</Ctry>
                        <AdrLine>.</AdrLine>
                        <AdrLine>.</AdrLine>
                    </PstlAdr>
                </Cdtr>
                <CdtrAcct>
                    <Id>
                        <IBAN>ES3520859252050300821875</IBAN>
                    </Id>
                </CdtrAcct>
                <Purp>
                    <Cd>OTHR</Cd>
                </Purp>
                <RmtInf>
                    <Ustrd>LIQUIDACION 05/16</Ustrd>
                </RmtInf>
            </CdtTrfTxInf>
            <CdtTrfTxInf>
                <PmtId>
                    <InstrId>INSTRID-02-01</InstrId>
                    <EndToEndId>ENDTOEND-02</EndToEndId>
                </PmtId>
                <PmtTpInf>
                    <SvcLvl>
                        <Cd>SEPA</Cd>
                    </SvcLvl>
                </PmtTpInf>
                <Amt>
                    <InstdAmt Ccy="EUR">3702.31</InstdAmt>
                </Amt>
                <CdtrAgt>
                    <FinInstnId>
                        <PstlAdr>
                            <Ctry>ES</Ctry>
                        </PstlAdr>
                    </FinInstnId>
                </CdtrAgt>
                <Cdtr>
                    <Nm>ASEQ</Nm>
                    <PstlAdr>
                        <Ctry>ES</Ctry>
                        <AdrLine>.</AdrLine>
                        <AdrLine>.</AdrLine>
                    </PstlAdr>
                </Cdtr>
                <CdtrAcct>
                    <Id>
                        <IBAN>ES4600491806952810636929</IBAN>
                    </Id>
                </CdtrAcct>
                <Purp>
                    <Cd>OTHR</Cd>
                </Purp>
                <RmtInf>
                    <Ustrd>LIQUIDACION 05/16</Ustrd>
                </RmtInf>
            </CdtTrfTxInf>
            <CdtTrfTxInf>
                <PmtId>
                    <InstrId>INSTRID-02-01</InstrId>
                    <EndToEndId>ENDTOEND-02</EndToEndId>
                </PmtId>
                <PmtTpInf>
                    <SvcLvl>
                        <Cd>SEPA</Cd>
                    </SvcLvl>
                </PmtTpInf>
                <Amt>
                    <InstdAmt Ccy="EUR">566.28</InstdAmt>
                </Amt>
                <CdtrAgt>
                    <FinInstnId>
                        <PstlAdr>
                            <Ctry>ES</Ctry>
                        </PstlAdr>
                    </FinInstnId>
                </CdtrAgt>
                <Cdtr>
                    <Nm>ZURICH</Nm>
                    <PstlAdr>
                        <Ctry>ES</Ctry>
                        <AdrLine>.</AdrLine>
                        <AdrLine>.</AdrLine>
                    </PstlAdr>
                </Cdtr>
                <CdtrAcct>
                    <Id>
                        <IBAN>ES6501824028710200210005</IBAN>
                    </Id>
                </CdtrAcct>
                <Purp>
                    <Cd>OTHR</Cd>
                </Purp>
                <RmtInf>
                    <Ustrd>LIQUIDACION 05/16</Ustrd>
                </RmtInf>
            </CdtTrfTxInf>
            <CdtTrfTxInf>
                <PmtId>
                    <InstrId>INSTRID-02-01</InstrId>
                    <EndToEndId>ENDTOEND-02</EndToEndId>
                </PmtId>
                <PmtTpInf>
                    <SvcLvl>
                        <Cd>SEPA</Cd>
                    </SvcLvl>
                </PmtTpInf>
                <Amt>
                    <InstdAmt Ccy="EUR">47543.82</InstdAmt>
                </Amt>
                <CdtrAgt>
                    <FinInstnId>
                        <PstlAdr>
                            <Ctry>ES</Ctry>
                        </PstlAdr>
                    </FinInstnId>
                </CdtrAgt>
                <Cdtr>
                    <Nm>MUTUA DE PROPIETARIOS, SEGUROS Y REASEGUROS</Nm>
                    <PstlAdr>
                        <Ctry>ES</Ctry>
                        <AdrLine>.</AdrLine>
                        <AdrLine>.</AdrLine>
                    </PstlAdr>
                </Cdtr>
                <CdtrAcct>
                    <Id>
                        <IBAN>ES2700810603020001175019</IBAN>
                    </Id>
                </CdtrAcct>
                <Purp>
                    <Cd>OTHR</Cd>
                </Purp>
                <RmtInf>
                    <Ustrd>LIQUIDACION 05/16</Ustrd>
                </RmtInf>
            </CdtTrfTxInf>
            <CdtTrfTxInf>
                <PmtId>
                    <InstrId>INSTRID-02-01</InstrId>
                    <EndToEndId>ENDTOEND-02</EndToEndId>
                </PmtId>
                <PmtTpInf>
                    <SvcLvl>
                        <Cd>SEPA</Cd>
                    </SvcLvl>
                </PmtTpInf>
                <Amt>
                    <InstdAmt Ccy="EUR">283.16</InstdAmt>
                </Amt>
                <CdtrAgt>
                    <FinInstnId>
                        <PstlAdr>
                            <Ctry>ES</Ctry>
                        </PstlAdr>
                    </FinInstnId>
                </CdtrAgt>
                <Cdtr>
                    <Nm>PREVISORA GENERAL</Nm>
                    <PstlAdr>
                        <Ctry>ES</Ctry>
                        <AdrLine>.</AdrLine>
                        <AdrLine>.</AdrLine>
                    </PstlAdr>
                </Cdtr>
                <CdtrAcct>
                    <Id>
                        <IBAN>ES5821003203242200471678</IBAN>
                    </Id>
                </CdtrAcct>
                <Purp>
                    <Cd>OTHR</Cd>
                </Purp>
                <RmtInf>
                    <Ustrd>LIQUIDACION 05/16</Ustrd>
                </RmtInf>
            </CdtTrfTxInf>
            <CdtTrfTxInf>
                <PmtId>
                    <InstrId>INSTRID-02-01</InstrId>
                    <EndToEndId>ENDTOEND-02</EndToEndId>
                </PmtId>
                <PmtTpInf>
                    <SvcLvl>
                        <Cd>SEPA</Cd>
                    </SvcLvl>
                </PmtTpInf>
                <Amt>
                    <InstdAmt Ccy="EUR">1544.52</InstdAmt>
                </Amt>
                <CdtrAgt>
                    <FinInstnId>
                        <PstlAdr>
                            <Ctry>ES</Ctry>
                        </PstlAdr>
                    </FinInstnId>
                </CdtrAgt>
                <Cdtr>
                    <Nm>ERV EUROPEA</Nm>
                    <PstlAdr>
                        <Ctry>ES</Ctry>
                        <AdrLine>.</AdrLine>
                        <AdrLine>.</AdrLine>
                    </PstlAdr>
                </Cdtr>
                <CdtrAcct>
                    <Id>
                        <IBAN>ES6401823999330200054546</IBAN>
                    </Id>
                </CdtrAcct>
                <Purp>
                    <Cd>OTHR</Cd>
                </Purp>
                <RmtInf>
                    <Ustrd>LIQUIDACION 05/16</Ustrd>
                </RmtInf>
            </CdtTrfTxInf>
            <CdtTrfTxInf>
                <PmtId>
                    <InstrId>INSTRID-02-01</InstrId>
                    <EndToEndId>ENDTOEND-02</EndToEndId>
                </PmtId>
                <PmtTpInf>
                    <SvcLvl>
                        <Cd>SEPA</Cd>
                    </SvcLvl>
                </PmtTpInf>
                <Amt>
                    <InstdAmt Ccy="EUR">988.92</InstdAmt>
                </Amt>
                <CdtrAgt>
                    <FinInstnId>
                        <PstlAdr>
                            <Ctry>ES</Ctry>
                        </PstlAdr>
                    </FinInstnId>
                </CdtrAgt>
                <Cdtr>
                    <Nm>HDI INTERNACIONAL</Nm>
                    <PstlAdr>
                        <Ctry>ES</Ctry>
                        <AdrLine>.</AdrLine>
                        <AdrLine>.</AdrLine>
                    </PstlAdr>
                </Cdtr>
                <CdtrAcct>
                    <Id>
                        <IBAN>ES8402161083010600041206</IBAN>
                    </Id>
                </CdtrAcct>
                <Purp>
                    <Cd>OTHR</Cd>
                </Purp>
                <RmtInf>
                    <Ustrd>LIQUIDACION 05/16</Ustrd>
                </RmtInf>
            </CdtTrfTxInf>
            <CdtTrfTxInf>
                <PmtId>
                    <InstrId>INSTRID-02-01</InstrId>
                    <EndToEndId>ENDTOEND-02</EndToEndId>
                </PmtId>
                <PmtTpInf>
                    <SvcLvl>
                        <Cd>SEPA</Cd>
                    </SvcLvl>
                </PmtTpInf>
                <Amt>
                    <InstdAmt Ccy="EUR">4998.14</InstdAmt>
                </Amt>
                <CdtrAgt>
                    <FinInstnId>
                        <PstlAdr>
                            <Ctry>ES</Ctry>
                        </PstlAdr>
                    </FinInstnId>
                </CdtrAgt>
                <Cdtr>
                    <Nm>MAPFRE</Nm>
                    <PstlAdr>
                        <Ctry>ES</Ctry>
                        <AdrLine>.</AdrLine>
                        <AdrLine>.</AdrLine>
                    </PstlAdr>
                </Cdtr>
                <CdtrAcct>
                    <Id>
                        <IBAN>ES8520381723216000216208</IBAN>
                    </Id>
                </CdtrAcct>
                <Purp>
                    <Cd>OTHR</Cd>
                </Purp>
                <RmtInf>
                    <Ustrd>LIQUIDACION 05/16</Ustrd>
                </RmtInf>
            </CdtTrfTxInf>
            <CdtTrfTxInf>
                <PmtId>
                    <InstrId>INSTRID-02-01</InstrId>
                    <EndToEndId>ENDTOEND-02</EndToEndId>
                </PmtId>
                <PmtTpInf>
                    <SvcLvl>
                        <Cd>SEPA</Cd>
                    </SvcLvl>
                </PmtTpInf>
                <Amt>
                    <InstdAmt Ccy="EUR">92.15</InstdAmt>
                </Amt>
                <CdtrAgt>
                    <FinInstnId>
                        <PstlAdr>
                            <Ctry>ES</Ctry>
                        </PstlAdr>
                    </FinInstnId>
                </CdtrAgt>
                <Cdtr>
                    <Nm>WR BERKLEY EUROPE AG SUCURSAL EN ESPANA</Nm>
                    <PstlAdr>
                        <Ctry>ES</Ctry>
                        <AdrLine>.</AdrLine>
                        <AdrLine>.</AdrLine>
                    </PstlAdr>
                </Cdtr>
                <CdtrAcct>
                    <Id>
                        <IBAN>ES8014740000140014152024</IBAN>
                    </Id>
                </CdtrAcct>
                <Purp>
                    <Cd>OTHR</Cd>
                </Purp>
                <RmtInf>
                    <Ustrd>LIQUIDACION 05/16</Ustrd>
                </RmtInf>
            </CdtTrfTxInf>
        </PmtInf>
    </CstmrCdtTrfInitn>
</Document>